

@BOOK{rosicky07,
  author    = {Rosick{\'y}, Ji{\v r}{\'i}},
  date      = {2007},
  title     = {Algebra},
  subtitle  = {},
  edition   = {4}, % should not be stated
  location  = {Brno},
  publisher = {Masarykova univerzita},
  pagetotal = {vi, 133},
  isbn      = {978-80-210-2964-4},
  langid    = {czech}
}

@BOOK{polynomialsChina,
	author 		= {K.T. Leung and I.A.C. Mok and S.N. Suen},
	date 			= {1992},
	title 		= {Polynomials and Equations},
	subtitle 	= {},
	edition 	= {},
	location 	= {Hong Kong},
	publisher = {Hong Kong University Press},
	pagetotal = {viii, 232},
	isbn 			= {962-209-271-3},
	langid 		= {english}
	}
